%YAML 1.1
%TAG !u! tag:unity3d.com,2011:
--- !u!1 &321381925813734577
GameObject:
  m_ObjectHideFlags: 0
  m_CorrespondingSourceObject: {fileID: 0}
  m_PrefabInstance: {fileID: 0}
  m_PrefabAsset: {fileID: 0}
  serializedVersion: 6
  m_Component:
  - component: {fileID: 4684903400716881225}
  - component: {fileID: 1466204467662448975}
  - component: {fileID: 1013038271524657661}
  - component: {fileID: 1303397945630837914}
  m_Layer: 0
  m_Name: Plane
  m_TagString: Untagged
  m_Icon: {fileID: 0}
  m_NavMeshLayer: 0
  m_StaticEditorFlags: 0
  m_IsActive: 1
--- !u!4 &4684903400716881225
Transform:
  m_ObjectHideFlags: 0
  m_CorrespondingSourceObject: {fileID: 0}
  m_PrefabInstance: {fileID: 0}
  m_PrefabAsset: {fileID: 0}
  m_GameObject: {fileID: 321381925813734577}
  m_LocalRotation: {x: -0, y: -0, z: -0, w: 1}
  m_LocalPosition: {x: 0, y: 0, z: -15}
  m_LocalScale: {x: 25, y: 1, z: 3}
  m_Children: []
  m_Father: {fileID: 817245989894800645}
  m_RootOrder: 9
  m_LocalEulerAnglesHint: {x: 0, y: 0, z: 0}
--- !u!33 &1466204467662448975
MeshFilter:
  m_ObjectHideFlags: 0
  m_CorrespondingSourceObject: {fileID: 0}
  m_PrefabInstance: {fileID: 0}
  m_PrefabAsset: {fileID: 0}
  m_GameObject: {fileID: 321381925813734577}
  m_Mesh: {fileID: 10209, guid: 0000000000000000e000000000000000, type: 0}
--- !u!23 &1013038271524657661
MeshRenderer:
  m_ObjectHideFlags: 0
  m_CorrespondingSourceObject: {fileID: 0}
  m_PrefabInstance: {fileID: 0}
  m_PrefabAsset: {fileID: 0}
  m_GameObject: {fileID: 321381925813734577}
  m_Enabled: 1
  m_CastShadows: 1
  m_ReceiveShadows: 1
  m_DynamicOccludee: 1
  m_MotionVectors: 1
  m_LightProbeUsage: 1
  m_ReflectionProbeUsage: 1
  m_RayTracingMode: 2
  m_RayTraceProcedural: 0
  m_RenderingLayerMask: 1
  m_RendererPriority: 0
  m_Materials:
  - {fileID: 2100000, guid: 240e05a8bd75c4b44978cec5eeda76f0, type: 2}
  m_StaticBatchInfo:
    firstSubMesh: 0
    subMeshCount: 0
  m_StaticBatchRoot: {fileID: 0}
  m_ProbeAnchor: {fileID: 0}
  m_LightProbeVolumeOverride: {fileID: 0}
  m_ScaleInLightmap: 1
  m_ReceiveGI: 1
  m_PreserveUVs: 0
  m_IgnoreNormalsForChartDetection: 0
  m_ImportantGI: 0
  m_StitchLightmapSeams: 1
  m_SelectedEditorRenderState: 3
  m_MinimumChartSize: 4
  m_AutoUVMaxDistance: 0.5
  m_AutoUVMaxAngle: 89
  m_LightmapParameters: {fileID: 0}
  m_SortingLayerID: 0
  m_SortingLayer: 0
  m_SortingOrder: 0
  m_AdditionalVertexStreams: {fileID: 0}
--- !u!64 &1303397945630837914
MeshCollider:
  m_ObjectHideFlags: 0
  m_CorrespondingSourceObject: {fileID: 0}
  m_PrefabInstance: {fileID: 0}
  m_PrefabAsset: {fileID: 0}
  m_GameObject: {fileID: 321381925813734577}
  m_Material: {fileID: 0}
  m_IsTrigger: 0
  m_Enabled: 1
  serializedVersion: 4
  m_Convex: 0
  m_CookingOptions: 30
  m_Mesh: {fileID: 10209, guid: 0000000000000000e000000000000000, type: 0}
--- !u!1 &829410249699983729
GameObject:
  m_ObjectHideFlags: 0
  m_CorrespondingSourceObject: {fileID: 0}
  m_PrefabInstance: {fileID: 0}
  m_PrefabAsset: {fileID: 0}
  serializedVersion: 6
  m_Component:
  - component: {fileID: 817245989894800645}
  m_Layer: 0
  m_Name: Module_1
  m_TagString: Untagged
  m_Icon: {fileID: 0}
  m_NavMeshLayer: 0
  m_StaticEditorFlags: 0
  m_IsActive: 1
--- !u!4 &817245989894800645
Transform:
  m_ObjectHideFlags: 0
  m_CorrespondingSourceObject: {fileID: 0}
  m_PrefabInstance: {fileID: 0}
  m_PrefabAsset: {fileID: 0}
  m_GameObject: {fileID: 829410249699983729}
  m_LocalRotation: {x: 0, y: 0, z: 0, w: 1}
  m_LocalPosition: {x: 0, y: 0, z: 0}
  m_LocalScale: {x: 1, y: 1, z: 1}
  m_Children:
  - {fileID: 7584761533607101858}
  - {fileID: 4501341409646009884}
  - {fileID: 1565139882936625946}
  - {fileID: 1679132200947317544}
  - {fileID: 6005856659187361710}
  - {fileID: 1181460951914106662}
  - {fileID: 5627709886495859667}
  - {fileID: 3175097961883636494}
  - {fileID: 548185268070523049}
  - {fileID: 4684903400716881225}
  - {fileID: 3042464547282323791}
  - {fileID: 4896186000468855157}
  - {fileID: 2998533626852041203}
  - {fileID: 3821037742280156141}
  - {fileID: 417855416915685522}
  - {fileID: 8913663796128409960}
  m_Father: {fileID: 0}
  m_RootOrder: 0
  m_LocalEulerAnglesHint: {x: 0, y: 0, z: 0}
--- !u!1001 &422264223906643116
PrefabInstance:
  m_ObjectHideFlags: 0
  serializedVersion: 2
  m_Modification:
    m_TransformParent: {fileID: 817245989894800645}
    m_Modifications:
    - target: {fileID: 1130959867764666, guid: 81bce50924cffc644ae62c5a3c5c4192, type: 3}
      propertyPath: m_Name
      value: tree-forest
      objectReference: {fileID: 0}
    - target: {fileID: 1130959867764666, guid: 81bce50924cffc644ae62c5a3c5c4192, type: 3}
      propertyPath: m_StaticEditorFlags
      value: 0
      objectReference: {fileID: 0}
    - target: {fileID: 4690905968987198, guid: 81bce50924cffc644ae62c5a3c5c4192, type: 3}
      propertyPath: m_RootOrder
      value: 14
      objectReference: {fileID: 0}
    - target: {fileID: 4690905968987198, guid: 81bce50924cffc644ae62c5a3c5c4192, type: 3}
      propertyPath: m_LocalPosition.x
      value: -54.031002
      objectReference: {fileID: 0}
    - target: {fileID: 4690905968987198, guid: 81bce50924cffc644ae62c5a3c5c4192, type: 3}
      propertyPath: m_LocalPosition.y
      value: 0
      objectReference: {fileID: 0}
    - target: {fileID: 4690905968987198, guid: 81bce50924cffc644ae62c5a3c5c4192, type: 3}
      propertyPath: m_LocalPosition.z
      value: -11.386719
      objectReference: {fileID: 0}
    - target: {fileID: 4690905968987198, guid: 81bce50924cffc644ae62c5a3c5c4192, type: 3}
      propertyPath: m_LocalRotation.w
      value: 1
      objectReference: {fileID: 0}
    - target: {fileID: 4690905968987198, guid: 81bce50924cffc644ae62c5a3c5c4192, type: 3}
      propertyPath: m_LocalRotation.x
      value: -0
      objectReference: {fileID: 0}
    - target: {fileID: 4690905968987198, guid: 81bce50924cffc644ae62c5a3c5c4192, type: 3}
      propertyPath: m_LocalRotation.y
      value: -0
      objectReference: {fileID: 0}
    - target: {fileID: 4690905968987198, guid: 81bce50924cffc644ae62c5a3c5c4192, type: 3}
      propertyPath: m_LocalRotation.z
      value: -0
      objectReference: {fileID: 0}
    - target: {fileID: 4690905968987198, guid: 81bce50924cffc644ae62c5a3c5c4192, type: 3}
      propertyPath: m_LocalEulerAnglesHint.x
      value: 0
      objectReference: {fileID: 0}
    - target: {fileID: 4690905968987198, guid: 81bce50924cffc644ae62c5a3c5c4192, type: 3}
      propertyPath: m_LocalEulerAnglesHint.y
      value: 0
      objectReference: {fileID: 0}
    - target: {fileID: 4690905968987198, guid: 81bce50924cffc644ae62c5a3c5c4192, type: 3}
      propertyPath: m_LocalEulerAnglesHint.z
      value: 0
      objectReference: {fileID: 0}
    m_RemovedComponents: []
  m_SourcePrefab: {fileID: 100100000, guid: 81bce50924cffc644ae62c5a3c5c4192, type: 3}
--- !u!4 &417855416915685522 stripped
Transform:
  m_CorrespondingSourceObject: {fileID: 4690905968987198, guid: 81bce50924cffc644ae62c5a3c5c4192, type: 3}
  m_PrefabInstance: {fileID: 422264223906643116}
  m_PrefabAsset: {fileID: 0}
--- !u!1001 &1494526501710655809
PrefabInstance:
  m_ObjectHideFlags: 0
  serializedVersion: 2
  m_Modification:
    m_TransformParent: {fileID: 817245989894800645}
    m_Modifications:
    - target: {fileID: 73712913153569091, guid: 015b3710ae8043644aaa9d9bbdddeb74, type: 3}
      propertyPath: m_Name
      value: building_4 (1)
      objectReference: {fileID: 0}
    - target: {fileID: 73712913153569091, guid: 015b3710ae8043644aaa9d9bbdddeb74, type: 3}
      propertyPath: m_StaticEditorFlags
      value: 0
      objectReference: {fileID: 0}
    - target: {fileID: 73712913153858139, guid: 015b3710ae8043644aaa9d9bbdddeb74, type: 3}
      propertyPath: m_RootOrder
      value: 2
      objectReference: {fileID: 0}
    - target: {fileID: 73712913153858139, guid: 015b3710ae8043644aaa9d9bbdddeb74, type: 3}
      propertyPath: m_LocalPosition.x
      value: 12.870003
      objectReference: {fileID: 0}
    - target: {fileID: 73712913153858139, guid: 015b3710ae8043644aaa9d9bbdddeb74, type: 3}
      propertyPath: m_LocalPosition.y
      value: 0
      objectReference: {fileID: 0}
    - target: {fileID: 73712913153858139, guid: 015b3710ae8043644aaa9d9bbdddeb74, type: 3}
      propertyPath: m_LocalPosition.z
      value: -26.309998
      objectReference: {fileID: 0}
    - target: {fileID: 73712913153858139, guid: 015b3710ae8043644aaa9d9bbdddeb74, type: 3}
      propertyPath: m_LocalRotation.w
      value: 0.7071068
      objectReference: {fileID: 0}
    - target: {fileID: 73712913153858139, guid: 015b3710ae8043644aaa9d9bbdddeb74, type: 3}
      propertyPath: m_LocalRotation.x
      value: -0
      objectReference: {fileID: 0}
    - target: {fileID: 73712913153858139, guid: 015b3710ae8043644aaa9d9bbdddeb74, type: 3}
      propertyPath: m_LocalRotation.y
      value: -0.7071068
      objectReference: {fileID: 0}
    - target: {fileID: 73712913153858139, guid: 015b3710ae8043644aaa9d9bbdddeb74, type: 3}
      propertyPath: m_LocalRotation.z
      value: -0
      objectReference: {fileID: 0}
    - target: {fileID: 73712913153858139, guid: 015b3710ae8043644aaa9d9bbdddeb74, type: 3}
      propertyPath: m_LocalEulerAnglesHint.x
      value: 0
      objectReference: {fileID: 0}
    - target: {fileID: 73712913153858139, guid: 015b3710ae8043644aaa9d9bbdddeb74, type: 3}
      propertyPath: m_LocalEulerAnglesHint.y
      value: -90
      objectReference: {fileID: 0}
    - target: {fileID: 73712913153858139, guid: 015b3710ae8043644aaa9d9bbdddeb74, type: 3}
      propertyPath: m_LocalEulerAnglesHint.z
      value: 0
      objectReference: {fileID: 0}
    m_RemovedComponents: []
  m_SourcePrefab: {fileID: 100100000, guid: 015b3710ae8043644aaa9d9bbdddeb74, type: 3}
--- !u!4 &1565139882936625946 stripped
Transform:
  m_CorrespondingSourceObject: {fileID: 73712913153858139, guid: 015b3710ae8043644aaa9d9bbdddeb74, type: 3}
  m_PrefabInstance: {fileID: 1494526501710655809}
  m_PrefabAsset: {fileID: 0}
--- !u!1001 &1676267231885798212
PrefabInstance:
  m_ObjectHideFlags: 0
  serializedVersion: 2
  m_Modification:
    m_TransformParent: {fileID: 817245989894800645}
    m_Modifications:
    - target: {fileID: 1000013471165490, guid: bb21eca8388294517aedb926b64d69b2, type: 3}
      propertyPath: m_Name
      value: Road
      objectReference: {fileID: 0}
    - target: {fileID: 1000013471165490, guid: bb21eca8388294517aedb926b64d69b2, type: 3}
      propertyPath: m_IsActive
      value: 0
      objectReference: {fileID: 0}
    - target: {fileID: 1000013471165490, guid: bb21eca8388294517aedb926b64d69b2, type: 3}
      propertyPath: m_StaticEditorFlags
      value: 0
      objectReference: {fileID: 0}
    - target: {fileID: 4000013257298028, guid: bb21eca8388294517aedb926b64d69b2, type: 3}
      propertyPath: m_RootOrder
      value: 3
      objectReference: {fileID: 0}
    - target: {fileID: 4000013257298028, guid: bb21eca8388294517aedb926b64d69b2, type: 3}
      propertyPath: m_LocalPosition.x
      value: 0
      objectReference: {fileID: 0}
    - target: {fileID: 4000013257298028, guid: bb21eca8388294517aedb926b64d69b2, type: 3}
      propertyPath: m_LocalPosition.y
      value: 0
      objectReference: {fileID: 0}
    - target: {fileID: 4000013257298028, guid: bb21eca8388294517aedb926b64d69b2, type: 3}
      propertyPath: m_LocalPosition.z
      value: 0
      objectReference: {fileID: 0}
    - target: {fileID: 4000013257298028, guid: bb21eca8388294517aedb926b64d69b2, type: 3}
      propertyPath: m_LocalRotation.w
      value: 1
      objectReference: {fileID: 0}
    - target: {fileID: 4000013257298028, guid: bb21eca8388294517aedb926b64d69b2, type: 3}
      propertyPath: m_LocalRotation.x
      value: -0
      objectReference: {fileID: 0}
    - target: {fileID: 4000013257298028, guid: bb21eca8388294517aedb926b64d69b2, type: 3}
      propertyPath: m_LocalRotation.y
      value: -0
      objectReference: {fileID: 0}
    - target: {fileID: 4000013257298028, guid: bb21eca8388294517aedb926b64d69b2, type: 3}
      propertyPath: m_LocalRotation.z
      value: -0
      objectReference: {fileID: 0}
    - target: {fileID: 4000013257298028, guid: bb21eca8388294517aedb926b64d69b2, type: 3}
      propertyPath: m_LocalEulerAnglesHint.x
      value: 0
      objectReference: {fileID: 0}
    - target: {fileID: 4000013257298028, guid: bb21eca8388294517aedb926b64d69b2, type: 3}
      propertyPath: m_LocalEulerAnglesHint.y
      value: 0
      objectReference: {fileID: 0}
    - target: {fileID: 4000013257298028, guid: bb21eca8388294517aedb926b64d69b2, type: 3}
      propertyPath: m_LocalEulerAnglesHint.z
      value: 0
      objectReference: {fileID: 0}
    m_RemovedComponents: []
  m_SourcePrefab: {fileID: 100100000, guid: bb21eca8388294517aedb926b64d69b2, type: 3}
--- !u!4 &1679132200947317544 stripped
Transform:
  m_CorrespondingSourceObject: {fileID: 4000013257298028, guid: bb21eca8388294517aedb926b64d69b2, type: 3}
  m_PrefabInstance: {fileID: 1676267231885798212}
  m_PrefabAsset: {fileID: 0}
--- !u!1001 &1794061472824545724
PrefabInstance:
  m_ObjectHideFlags: 0
  serializedVersion: 2
  m_Modification:
    m_TransformParent: {fileID: 7584761533607101858}
    m_Modifications:
    - target: {fileID: 1016206351568749342, guid: f048ecd1c9e056542b4c3d5762043fe6, type: 3}
      propertyPath: m_StaticEditorFlags
      value: 0
      objectReference: {fileID: 0}
    - target: {fileID: 5067129496528811823, guid: f048ecd1c9e056542b4c3d5762043fe6, type: 3}
      propertyPath: m_Name
      value: Lantern (4)
      objectReference: {fileID: 0}
    - target: {fileID: 5067129496528811823, guid: f048ecd1c9e056542b4c3d5762043fe6, type: 3}
      propertyPath: m_StaticEditorFlags
      value: 0
      objectReference: {fileID: 0}
    - target: {fileID: 8073079150079247676, guid: f048ecd1c9e056542b4c3d5762043fe6, type: 3}
      propertyPath: m_RootOrder
      value: 24
      objectReference: {fileID: 0}
    - target: {fileID: 8073079150079247676, guid: f048ecd1c9e056542b4c3d5762043fe6, type: 3}
      propertyPath: m_LocalPosition.x
      value: -17.530003
      objectReference: {fileID: 0}
    - target: {fileID: 8073079150079247676, guid: f048ecd1c9e056542b4c3d5762043fe6, type: 3}
      propertyPath: m_LocalPosition.y
      value: 0
      objectReference: {fileID: 0}
    - target: {fileID: 8073079150079247676, guid: f048ecd1c9e056542b4c3d5762043fe6, type: 3}
      propertyPath: m_LocalPosition.z
      value: 0.48809814
      objectReference: {fileID: 0}
    - target: {fileID: 8073079150079247676, guid: f048ecd1c9e056542b4c3d5762043fe6, type: 3}
      propertyPath: m_LocalRotation.w
      value: 0.7071068
      objectReference: {fileID: 0}
    - target: {fileID: 8073079150079247676, guid: f048ecd1c9e056542b4c3d5762043fe6, type: 3}
      propertyPath: m_LocalRotation.x
      value: 0
      objectReference: {fileID: 0}
    - target: {fileID: 8073079150079247676, guid: f048ecd1c9e056542b4c3d5762043fe6, type: 3}
      propertyPath: m_LocalRotation.y
      value: -0.7071068
      objectReference: {fileID: 0}
    - target: {fileID: 8073079150079247676, guid: f048ecd1c9e056542b4c3d5762043fe6, type: 3}
      propertyPath: m_LocalRotation.z
      value: 0
      objectReference: {fileID: 0}
    - target: {fileID: 8073079150079247676, guid: f048ecd1c9e056542b4c3d5762043fe6, type: 3}
      propertyPath: m_LocalEulerAnglesHint.x
      value: 0
      objectReference: {fileID: 0}
    - target: {fileID: 8073079150079247676, guid: f048ecd1c9e056542b4c3d5762043fe6, type: 3}
      propertyPath: m_LocalEulerAnglesHint.y
      value: -90
      objectReference: {fileID: 0}
    - target: {fileID: 8073079150079247676, guid: f048ecd1c9e056542b4c3d5762043fe6, type: 3}
      propertyPath: m_LocalEulerAnglesHint.z
      value: 0
      objectReference: {fileID: 0}
    m_RemovedComponents: []
  m_SourcePrefab: {fileID: 100100000, guid: f048ecd1c9e056542b4c3d5762043fe6, type: 3}
--- !u!1001 &2423942711996112684
PrefabInstance:
  m_ObjectHideFlags: 0
  serializedVersion: 2
  m_Modification:
    m_TransformParent: {fileID: 817245989894800645}
    m_Modifications:
    - target: {fileID: 33159014519450299, guid: fd473578fe7183a488dfafad346c0e58, type: 3}
      propertyPath: m_StaticEditorFlags
      value: 0
      objectReference: {fileID: 0}
    - target: {fileID: 80379765675737399, guid: fd473578fe7183a488dfafad346c0e58, type: 3}
      propertyPath: m_StaticEditorFlags
      value: 0
      objectReference: {fileID: 0}
    - target: {fileID: 246990902367963933, guid: fd473578fe7183a488dfafad346c0e58, type: 3}
      propertyPath: m_StaticEditorFlags
      value: 0
      objectReference: {fileID: 0}
    - target: {fileID: 318149345518927911, guid: fd473578fe7183a488dfafad346c0e58, type: 3}
      propertyPath: m_StaticEditorFlags
      value: 0
      objectReference: {fileID: 0}
    - target: {fileID: 464186095708524104, guid: fd473578fe7183a488dfafad346c0e58, type: 3}
      propertyPath: m_StaticEditorFlags
      value: 0
      objectReference: {fileID: 0}
    - target: {fileID: 898484700826576365, guid: fd473578fe7183a488dfafad346c0e58, type: 3}
      propertyPath: m_StaticEditorFlags
      value: 0
      objectReference: {fileID: 0}
    - target: {fileID: 1115551557103768097, guid: fd473578fe7183a488dfafad346c0e58, type: 3}
      propertyPath: m_StaticEditorFlags
      value: 0
      objectReference: {fileID: 0}
    - target: {fileID: 1547779889268202868, guid: fd473578fe7183a488dfafad346c0e58, type: 3}
      propertyPath: m_StaticEditorFlags
      value: 0
      objectReference: {fileID: 0}
    - target: {fileID: 1988718769116263324, guid: fd473578fe7183a488dfafad346c0e58, type: 3}
      propertyPath: m_StaticEditorFlags
      value: 0
      objectReference: {fileID: 0}
    - target: {fileID: 2909109572217009535, guid: fd473578fe7183a488dfafad346c0e58, type: 3}
      propertyPath: m_StaticEditorFlags
      value: 0
      objectReference: {fileID: 0}
    - target: {fileID: 2932099963124233102, guid: fd473578fe7183a488dfafad346c0e58, type: 3}
      propertyPath: m_StaticEditorFlags
      value: 0
      objectReference: {fileID: 0}
    - target: {fileID: 2969468905743237383, guid: fd473578fe7183a488dfafad346c0e58, type: 3}
      propertyPath: m_StaticEditorFlags
      value: 0
      objectReference: {fileID: 0}
    - target: {fileID: 3175226735325063678, guid: fd473578fe7183a488dfafad346c0e58, type: 3}
      propertyPath: m_Name
      value: Parc
      objectReference: {fileID: 0}
    - target: {fileID: 3175226735325063678, guid: fd473578fe7183a488dfafad346c0e58, type: 3}
      propertyPath: m_StaticEditorFlags
      value: 0
      objectReference: {fileID: 0}
    - target: {fileID: 3417805312896394641, guid: fd473578fe7183a488dfafad346c0e58, type: 3}
      propertyPath: m_StaticEditorFlags
      value: 0
      objectReference: {fileID: 0}
    - target: {fileID: 3805659232212118937, guid: fd473578fe7183a488dfafad346c0e58, type: 3}
      propertyPath: m_StaticEditorFlags
      value: 0
      objectReference: {fileID: 0}
    - target: {fileID: 4421200086602069513, guid: fd473578fe7183a488dfafad346c0e58, type: 3}
      propertyPath: m_StaticEditorFlags
      value: 0
      objectReference: {fileID: 0}
    - target: {fileID: 5130577578273105424, guid: fd473578fe7183a488dfafad346c0e58, type: 3}
      propertyPath: m_StaticEditorFlags
      value: 0
      objectReference: {fileID: 0}
    - target: {fileID: 5251741836168272526, guid: fd473578fe7183a488dfafad346c0e58, type: 3}
      propertyPath: m_RootOrder
      value: 0
      objectReference: {fileID: 0}
    - target: {fileID: 5251741836168272526, guid: fd473578fe7183a488dfafad346c0e58, type: 3}
      propertyPath: m_LocalPosition.x
      value: 11.25
      objectReference: {fileID: 0}
    - target: {fileID: 5251741836168272526, guid: fd473578fe7183a488dfafad346c0e58, type: 3}
      propertyPath: m_LocalPosition.y
      value: 0
      objectReference: {fileID: 0}
    - target: {fileID: 5251741836168272526, guid: fd473578fe7183a488dfafad346c0e58, type: 3}
      propertyPath: m_LocalPosition.z
      value: -15.349998
      objectReference: {fileID: 0}
    - target: {fileID: 5251741836168272526, guid: fd473578fe7183a488dfafad346c0e58, type: 3}
      propertyPath: m_LocalRotation.w
      value: 1
      objectReference: {fileID: 0}
    - target: {fileID: 5251741836168272526, guid: fd473578fe7183a488dfafad346c0e58, type: 3}
      propertyPath: m_LocalRotation.x
      value: -0
      objectReference: {fileID: 0}
    - target: {fileID: 5251741836168272526, guid: fd473578fe7183a488dfafad346c0e58, type: 3}
      propertyPath: m_LocalRotation.y
      value: -0
      objectReference: {fileID: 0}
    - target: {fileID: 5251741836168272526, guid: fd473578fe7183a488dfafad346c0e58, type: 3}
      propertyPath: m_LocalRotation.z
      value: -0
      objectReference: {fileID: 0}
    - target: {fileID: 5251741836168272526, guid: fd473578fe7183a488dfafad346c0e58, type: 3}
      propertyPath: m_LocalEulerAnglesHint.x
      value: 0
      objectReference: {fileID: 0}
    - target: {fileID: 5251741836168272526, guid: fd473578fe7183a488dfafad346c0e58, type: 3}
      propertyPath: m_LocalEulerAnglesHint.y
      value: 0
      objectReference: {fileID: 0}
    - target: {fileID: 5251741836168272526, guid: fd473578fe7183a488dfafad346c0e58, type: 3}
      propertyPath: m_LocalEulerAnglesHint.z
      value: 0
      objectReference: {fileID: 0}
    - target: {fileID: 5485962689948513302, guid: fd473578fe7183a488dfafad346c0e58, type: 3}
      propertyPath: m_StaticEditorFlags
      value: 0
      objectReference: {fileID: 0}
    - target: {fileID: 5699492137168532349, guid: fd473578fe7183a488dfafad346c0e58, type: 3}
      propertyPath: m_StaticEditorFlags
      value: 0
      objectReference: {fileID: 0}
    - target: {fileID: 5917789305327094786, guid: fd473578fe7183a488dfafad346c0e58, type: 3}
      propertyPath: m_StaticEditorFlags
      value: 0
      objectReference: {fileID: 0}
    - target: {fileID: 6039639412123568045, guid: fd473578fe7183a488dfafad346c0e58, type: 3}
      propertyPath: m_StaticEditorFlags
      value: 0
      objectReference: {fileID: 0}
    - target: {fileID: 6243884998316541107, guid: fd473578fe7183a488dfafad346c0e58, type: 3}
      propertyPath: m_StaticEditorFlags
      value: 0
      objectReference: {fileID: 0}
    - target: {fileID: 6987524235957897151, guid: fd473578fe7183a488dfafad346c0e58, type: 3}
      propertyPath: m_StaticEditorFlags
      value: 0
      objectReference: {fileID: 0}
    - target: {fileID: 7220536392915314285, guid: fd473578fe7183a488dfafad346c0e58, type: 3}
      propertyPath: m_StaticEditorFlags
      value: 0
      objectReference: {fileID: 0}
    - target: {fileID: 7356828379312680465, guid: fd473578fe7183a488dfafad346c0e58, type: 3}
      propertyPath: m_StaticEditorFlags
      value: 0
      objectReference: {fileID: 0}
    - target: {fileID: 8451621445359848804, guid: fd473578fe7183a488dfafad346c0e58, type: 3}
      propertyPath: m_StaticEditorFlags
      value: 0
      objectReference: {fileID: 0}
    - target: {fileID: 8850644668470783302, guid: fd473578fe7183a488dfafad346c0e58, type: 3}
      propertyPath: m_StaticEditorFlags
      value: 0
      objectReference: {fileID: 0}
    - target: {fileID: 9073194739535746254, guid: fd473578fe7183a488dfafad346c0e58, type: 3}
      propertyPath: m_StaticEditorFlags
      value: 0
      objectReference: {fileID: 0}
    m_RemovedComponents:
    - {fileID: 9154674287147774818, guid: fd473578fe7183a488dfafad346c0e58, type: 3}
  m_SourcePrefab: {fileID: 100100000, guid: fd473578fe7183a488dfafad346c0e58, type: 3}
--- !u!4 &7584761533607101858 stripped
Transform:
  m_CorrespondingSourceObject: {fileID: 5251741836168272526, guid: fd473578fe7183a488dfafad346c0e58, type: 3}
  m_PrefabInstance: {fileID: 2423942711996112684}
  m_PrefabAsset: {fileID: 0}
--- !u!1001 &3037764718661530307
PrefabInstance:
  m_ObjectHideFlags: 0
  serializedVersion: 2
  m_Modification:
    m_TransformParent: {fileID: 817245989894800645}
    m_Modifications:
    - target: {fileID: 1586913177312154, guid: 5c5dc77a75a234354a770cd9149a9166, type: 3}
      propertyPath: m_Name
      value: ground-cracked
      objectReference: {fileID: 0}
    - target: {fileID: 1586913177312154, guid: 5c5dc77a75a234354a770cd9149a9166, type: 3}
      propertyPath: m_StaticEditorFlags
      value: 0
      objectReference: {fileID: 0}
    - target: {fileID: 4872521773185932, guid: 5c5dc77a75a234354a770cd9149a9166, type: 3}
      propertyPath: m_RootOrder
      value: 10
      objectReference: {fileID: 0}
    - target: {fileID: 4872521773185932, guid: 5c5dc77a75a234354a770cd9149a9166, type: 3}
      propertyPath: m_LocalPosition.x
      value: 22.30045
      objectReference: {fileID: 0}
    - target: {fileID: 4872521773185932, guid: 5c5dc77a75a234354a770cd9149a9166, type: 3}
      propertyPath: m_LocalPosition.y
      value: -0.15
      objectReference: {fileID: 0}
    - target: {fileID: 4872521773185932, guid: 5c5dc77a75a234354a770cd9149a9166, type: 3}
      propertyPath: m_LocalPosition.z
      value: -13.714508
      objectReference: {fileID: 0}
    - target: {fileID: 4872521773185932, guid: 5c5dc77a75a234354a770cd9149a9166, type: 3}
      propertyPath: m_LocalRotation.w
      value: 1
      objectReference: {fileID: 0}
    - target: {fileID: 4872521773185932, guid: 5c5dc77a75a234354a770cd9149a9166, type: 3}
      propertyPath: m_LocalRotation.x
      value: -0
      objectReference: {fileID: 0}
    - target: {fileID: 4872521773185932, guid: 5c5dc77a75a234354a770cd9149a9166, type: 3}
      propertyPath: m_LocalRotation.y
      value: -0
      objectReference: {fileID: 0}
    - target: {fileID: 4872521773185932, guid: 5c5dc77a75a234354a770cd9149a9166, type: 3}
      propertyPath: m_LocalRotation.z
      value: -0
      objectReference: {fileID: 0}
    - target: {fileID: 4872521773185932, guid: 5c5dc77a75a234354a770cd9149a9166, type: 3}
      propertyPath: m_LocalEulerAnglesHint.x
      value: 0
      objectReference: {fileID: 0}
    - target: {fileID: 4872521773185932, guid: 5c5dc77a75a234354a770cd9149a9166, type: 3}
      propertyPath: m_LocalEulerAnglesHint.y
      value: 0
      objectReference: {fileID: 0}
    - target: {fileID: 4872521773185932, guid: 5c5dc77a75a234354a770cd9149a9166, type: 3}
      propertyPath: m_LocalEulerAnglesHint.z
      value: 0
      objectReference: {fileID: 0}
    m_RemovedComponents: []
  m_SourcePrefab: {fileID: 100100000, guid: 5c5dc77a75a234354a770cd9149a9166, type: 3}
--- !u!4 &3042464547282323791 stripped
Transform:
  m_CorrespondingSourceObject: {fileID: 4872521773185932, guid: 5c5dc77a75a234354a770cd9149a9166, type: 3}
  m_PrefabInstance: {fileID: 3037764718661530307}
  m_PrefabAsset: {fileID: 0}
--- !u!1001 &4340992531258345088
PrefabInstance:
  m_ObjectHideFlags: 0
  serializedVersion: 2
  m_Modification:
    m_TransformParent: {fileID: 817245989894800645}
    m_Modifications:
    - target: {fileID: 164864744450414748, guid: 04a6a6cb2b33e164081660cacc50c412, type: 3}
      propertyPath: m_RootOrder
      value: 1
      objectReference: {fileID: 0}
    - target: {fileID: 164864744450414748, guid: 04a6a6cb2b33e164081660cacc50c412, type: 3}
      propertyPath: m_LocalPosition.x
      value: 12.979996
      objectReference: {fileID: 0}
    - target: {fileID: 164864744450414748, guid: 04a6a6cb2b33e164081660cacc50c412, type: 3}
      propertyPath: m_LocalPosition.y
      value: 0
      objectReference: {fileID: 0}
    - target: {fileID: 164864744450414748, guid: 04a6a6cb2b33e164081660cacc50c412, type: 3}
      propertyPath: m_LocalPosition.z
      value: -3.6899948
      objectReference: {fileID: 0}
    - target: {fileID: 164864744450414748, guid: 04a6a6cb2b33e164081660cacc50c412, type: 3}
      propertyPath: m_LocalRotation.w
      value: 1
      objectReference: {fileID: 0}
    - target: {fileID: 164864744450414748, guid: 04a6a6cb2b33e164081660cacc50c412, type: 3}
      propertyPath: m_LocalRotation.x
      value: -0
      objectReference: {fileID: 0}
    - target: {fileID: 164864744450414748, guid: 04a6a6cb2b33e164081660cacc50c412, type: 3}
      propertyPath: m_LocalRotation.y
      value: -0
      objectReference: {fileID: 0}
    - target: {fileID: 164864744450414748, guid: 04a6a6cb2b33e164081660cacc50c412, type: 3}
      propertyPath: m_LocalRotation.z
      value: -0
      objectReference: {fileID: 0}
    - target: {fileID: 164864744450414748, guid: 04a6a6cb2b33e164081660cacc50c412, type: 3}
      propertyPath: m_LocalEulerAnglesHint.x
      value: 0
      objectReference: {fileID: 0}
    - target: {fileID: 164864744450414748, guid: 04a6a6cb2b33e164081660cacc50c412, type: 3}
      propertyPath: m_LocalEulerAnglesHint.y
      value: 0
      objectReference: {fileID: 0}
    - target: {fileID: 164864744450414748, guid: 04a6a6cb2b33e164081660cacc50c412, type: 3}
      propertyPath: m_LocalEulerAnglesHint.z
      value: 0
      objectReference: {fileID: 0}
    - target: {fileID: 164864744450488708, guid: 04a6a6cb2b33e164081660cacc50c412, type: 3}
      propertyPath: m_Name
      value: building_8 (1)
      objectReference: {fileID: 0}
    - target: {fileID: 164864744450488708, guid: 04a6a6cb2b33e164081660cacc50c412, type: 3}
      propertyPath: m_StaticEditorFlags
      value: 0
      objectReference: {fileID: 0}
    m_RemovedComponents: []
  m_SourcePrefab: {fileID: 100100000, guid: 04a6a6cb2b33e164081660cacc50c412, type: 3}
--- !u!4 &4501341409646009884 stripped
Transform:
  m_CorrespondingSourceObject: {fileID: 164864744450414748, guid: 04a6a6cb2b33e164081660cacc50c412, type: 3}
  m_PrefabInstance: {fileID: 4340992531258345088}
  m_PrefabAsset: {fileID: 0}
--- !u!1001 &4898943070264093221
PrefabInstance:
  m_ObjectHideFlags: 0
  serializedVersion: 2
  m_Modification:
    m_TransformParent: {fileID: 817245989894800645}
    m_Modifications:
    - target: {fileID: 1000013781281258, guid: 0f6c3c2b59a164fdaa30536d7278dc0a, type: 3}
      propertyPath: m_Name
      value: stone-flat
      objectReference: {fileID: 0}
    - target: {fileID: 1000013781281258, guid: 0f6c3c2b59a164fdaa30536d7278dc0a, type: 3}
      propertyPath: m_StaticEditorFlags
      value: 0
      objectReference: {fileID: 0}
    - target: {fileID: 4000013468050256, guid: 0f6c3c2b59a164fdaa30536d7278dc0a, type: 3}
      propertyPath: m_RootOrder
      value: 11
      objectReference: {fileID: 0}
    - target: {fileID: 4000013468050256, guid: 0f6c3c2b59a164fdaa30536d7278dc0a, type: 3}
      propertyPath: m_LocalPosition.x
      value: 20.859154
      objectReference: {fileID: 0}
    - target: {fileID: 4000013468050256, guid: 0f6c3c2b59a164fdaa30536d7278dc0a, type: 3}
      propertyPath: m_LocalPosition.y
      value: -0.12
      objectReference: {fileID: 0}
    - target: {fileID: 4000013468050256, guid: 0f6c3c2b59a164fdaa30536d7278dc0a, type: 3}
      propertyPath: m_LocalPosition.z
      value: -13.023628
      objectReference: {fileID: 0}
    - target: {fileID: 4000013468050256, guid: 0f6c3c2b59a164fdaa30536d7278dc0a, type: 3}
      propertyPath: m_LocalRotation.w
      value: 1
      objectReference: {fileID: 0}
    - target: {fileID: 4000013468050256, guid: 0f6c3c2b59a164fdaa30536d7278dc0a, type: 3}
      propertyPath: m_LocalRotation.x
      value: -0
      objectReference: {fileID: 0}
    - target: {fileID: 4000013468050256, guid: 0f6c3c2b59a164fdaa30536d7278dc0a, type: 3}
      propertyPath: m_LocalRotation.y
      value: -0
      objectReference: {fileID: 0}
    - target: {fileID: 4000013468050256, guid: 0f6c3c2b59a164fdaa30536d7278dc0a, type: 3}
      propertyPath: m_LocalRotation.z
      value: -0
      objectReference: {fileID: 0}
    - target: {fileID: 4000013468050256, guid: 0f6c3c2b59a164fdaa30536d7278dc0a, type: 3}
      propertyPath: m_LocalEulerAnglesHint.x
      value: 0
      objectReference: {fileID: 0}
    - target: {fileID: 4000013468050256, guid: 0f6c3c2b59a164fdaa30536d7278dc0a, type: 3}
      propertyPath: m_LocalEulerAnglesHint.y
      value: 0
      objectReference: {fileID: 0}
    - target: {fileID: 4000013468050256, guid: 0f6c3c2b59a164fdaa30536d7278dc0a, type: 3}
      propertyPath: m_LocalEulerAnglesHint.z
      value: 0
      objectReference: {fileID: 0}
    m_RemovedComponents: []
  m_SourcePrefab: {fileID: 100100000, guid: 0f6c3c2b59a164fdaa30536d7278dc0a, type: 3}
--- !u!4 &4896186000468855157 stripped
Transform:
  m_CorrespondingSourceObject: {fileID: 4000013468050256, guid: 0f6c3c2b59a164fdaa30536d7278dc0a, type: 3}
  m_PrefabInstance: {fileID: 4898943070264093221}
  m_PrefabAsset: {fileID: 0}
--- !u!1001 &5963075112781311023
PrefabInstance:
  m_ObjectHideFlags: 0
  serializedVersion: 2
  m_Modification:
    m_TransformParent: {fileID: 817245989894800645}
    m_Modifications:
    - target: {fileID: 4802100822028100361, guid: bfc1345528008124da132dcd33328c58, type: 3}
      propertyPath: m_RootOrder
      value: 5
      objectReference: {fileID: 0}
    - target: {fileID: 4802100822028100361, guid: bfc1345528008124da132dcd33328c58, type: 3}
      propertyPath: m_LocalPosition.x
      value: -12.800003
      objectReference: {fileID: 0}
    - target: {fileID: 4802100822028100361, guid: bfc1345528008124da132dcd33328c58, type: 3}
      propertyPath: m_LocalPosition.y
      value: 0
      objectReference: {fileID: 0}
    - target: {fileID: 4802100822028100361, guid: bfc1345528008124da132dcd33328c58, type: 3}
      propertyPath: m_LocalPosition.z
      value: -18.199997
      objectReference: {fileID: 0}
    - target: {fileID: 4802100822028100361, guid: bfc1345528008124da132dcd33328c58, type: 3}
      propertyPath: m_LocalRotation.w
      value: 0.7071068
      objectReference: {fileID: 0}
    - target: {fileID: 4802100822028100361, guid: bfc1345528008124da132dcd33328c58, type: 3}
      propertyPath: m_LocalRotation.x
      value: -0
      objectReference: {fileID: 0}
    - target: {fileID: 4802100822028100361, guid: bfc1345528008124da132dcd33328c58, type: 3}
      propertyPath: m_LocalRotation.y
      value: 0.7071068
      objectReference: {fileID: 0}
    - target: {fileID: 4802100822028100361, guid: bfc1345528008124da132dcd33328c58, type: 3}
      propertyPath: m_LocalRotation.z
      value: -0
      objectReference: {fileID: 0}
    - target: {fileID: 4802100822028100361, guid: bfc1345528008124da132dcd33328c58, type: 3}
      propertyPath: m_LocalEulerAnglesHint.x
      value: 0
      objectReference: {fileID: 0}
    - target: {fileID: 4802100822028100361, guid: bfc1345528008124da132dcd33328c58, type: 3}
      propertyPath: m_LocalEulerAnglesHint.y
      value: 90
      objectReference: {fileID: 0}
    - target: {fileID: 4802100822028100361, guid: bfc1345528008124da132dcd33328c58, type: 3}
      propertyPath: m_LocalEulerAnglesHint.z
      value: 0
      objectReference: {fileID: 0}
    - target: {fileID: 4802100822028418961, guid: bfc1345528008124da132dcd33328c58, type: 3}
      propertyPath: m_Name
      value: building_1 (1)
      objectReference: {fileID: 0}
    - target: {fileID: 4802100822028418961, guid: bfc1345528008124da132dcd33328c58, type: 3}
      propertyPath: m_StaticEditorFlags
      value: 0
      objectReference: {fileID: 0}
    m_RemovedComponents: []
  m_SourcePrefab: {fileID: 100100000, guid: bfc1345528008124da132dcd33328c58, type: 3}
--- !u!4 &1181460951914106662 stripped
Transform:
  m_CorrespondingSourceObject: {fileID: 4802100822028100361, guid: bfc1345528008124da132dcd33328c58, type: 3}
  m_PrefabInstance: {fileID: 5963075112781311023}
  m_PrefabAsset: {fileID: 0}
--- !u!1001 &6708648670388755603
PrefabInstance:
  m_ObjectHideFlags: 0
  serializedVersion: 2
  m_Modification:
    m_TransformParent: {fileID: 817245989894800645}
    m_Modifications:
    - target: {fileID: 224066076813093471, guid: 5518b7be8ace516469160bc37b9ca732, type: 3}
      propertyPath: m_StaticEditorFlags
      value: 0
      objectReference: {fileID: 0}
    - target: {fileID: 511507784876295020, guid: 5518b7be8ace516469160bc37b9ca732, type: 3}
      propertyPath: m_StaticEditorFlags
      value: 0
      objectReference: {fileID: 0}
    - target: {fileID: 547913375223549802, guid: 5518b7be8ace516469160bc37b9ca732, type: 3}
      propertyPath: m_StaticEditorFlags
      value: 0
      objectReference: {fileID: 0}
    - target: {fileID: 688172017916512930, guid: 5518b7be8ace516469160bc37b9ca732, type: 3}
      propertyPath: m_StaticEditorFlags
      value: 0
      objectReference: {fileID: 0}
    - target: {fileID: 693387374309603901, guid: 5518b7be8ace516469160bc37b9ca732, type: 3}
      propertyPath: m_StaticEditorFlags
      value: 0
      objectReference: {fileID: 0}
    - target: {fileID: 863489714528493583, guid: 5518b7be8ace516469160bc37b9ca732, type: 3}
      propertyPath: m_StaticEditorFlags
      value: 0
      objectReference: {fileID: 0}
    - target: {fileID: 923603384862528327, guid: 5518b7be8ace516469160bc37b9ca732, type: 3}
      propertyPath: m_StaticEditorFlags
      value: 0
      objectReference: {fileID: 0}
    - target: {fileID: 1182032175441485535, guid: 5518b7be8ace516469160bc37b9ca732, type: 3}
      propertyPath: m_StaticEditorFlags
      value: 0
      objectReference: {fileID: 0}
    - target: {fileID: 1450942835547364725, guid: 5518b7be8ace516469160bc37b9ca732, type: 3}
      propertyPath: m_StaticEditorFlags
      value: 0
      objectReference: {fileID: 0}
    - target: {fileID: 1849850192743978471, guid: 5518b7be8ace516469160bc37b9ca732, type: 3}
      propertyPath: m_StaticEditorFlags
      value: 0
      objectReference: {fileID: 0}
    - target: {fileID: 1934261660025483575, guid: 5518b7be8ace516469160bc37b9ca732, type: 3}
      propertyPath: m_StaticEditorFlags
      value: 0
      objectReference: {fileID: 0}
    - target: {fileID: 2051033968809493614, guid: 5518b7be8ace516469160bc37b9ca732, type: 3}
      propertyPath: m_StaticEditorFlags
      value: 0
      objectReference: {fileID: 0}
    - target: {fileID: 2069731750601756003, guid: 5518b7be8ace516469160bc37b9ca732, type: 3}
      propertyPath: m_StaticEditorFlags
      value: 0
      objectReference: {fileID: 0}
    - target: {fileID: 2087000934433730075, guid: 5518b7be8ace516469160bc37b9ca732, type: 3}
      propertyPath: m_StaticEditorFlags
      value: 0
      objectReference: {fileID: 0}
    - target: {fileID: 2192034062783033011, guid: 5518b7be8ace516469160bc37b9ca732, type: 3}
      propertyPath: m_StaticEditorFlags
      value: 0
      objectReference: {fileID: 0}
    - target: {fileID: 2227154755999159508, guid: 5518b7be8ace516469160bc37b9ca732, type: 3}
      propertyPath: m_StaticEditorFlags
      value: 0
      objectReference: {fileID: 0}
    - target: {fileID: 2310404709837041565, guid: 5518b7be8ace516469160bc37b9ca732, type: 3}
      propertyPath: m_StaticEditorFlags
      value: 0
      objectReference: {fileID: 0}
    - target: {fileID: 2423984550388647297, guid: 5518b7be8ace516469160bc37b9ca732, type: 3}
      propertyPath: m_StaticEditorFlags
      value: 0
      objectReference: {fileID: 0}
    - target: {fileID: 3015355749654564957, guid: 5518b7be8ace516469160bc37b9ca732, type: 3}
      propertyPath: m_StaticEditorFlags
      value: 0
      objectReference: {fileID: 0}
    - target: {fileID: 3084886753209814119, guid: 5518b7be8ace516469160bc37b9ca732, type: 3}
      propertyPath: m_StaticEditorFlags
      value: 0
      objectReference: {fileID: 0}
    - target: {fileID: 3309661440365409521, guid: 5518b7be8ace516469160bc37b9ca732, type: 3}
      propertyPath: m_StaticEditorFlags
      value: 0
      objectReference: {fileID: 0}
    - target: {fileID: 3376703669458135315, guid: 5518b7be8ace516469160bc37b9ca732, type: 3}
      propertyPath: m_StaticEditorFlags
      value: 0
      objectReference: {fileID: 0}
    - target: {fileID: 3397036839105689630, guid: 5518b7be8ace516469160bc37b9ca732, type: 3}
      propertyPath: m_StaticEditorFlags
      value: 0
      objectReference: {fileID: 0}
    - target: {fileID: 3557406319274628981, guid: 5518b7be8ace516469160bc37b9ca732, type: 3}
      propertyPath: m_StaticEditorFlags
      value: 0
      objectReference: {fileID: 0}
    - target: {fileID: 3707870083713478303, guid: 5518b7be8ace516469160bc37b9ca732, type: 3}
      propertyPath: m_StaticEditorFlags
      value: 0
      objectReference: {fileID: 0}
    - target: {fileID: 4013466221029877141, guid: 5518b7be8ace516469160bc37b9ca732, type: 3}
      propertyPath: m_StaticEditorFlags
      value: 0
      objectReference: {fileID: 0}
    - target: {fileID: 4049945765329338369, guid: 5518b7be8ace516469160bc37b9ca732, type: 3}
      propertyPath: m_StaticEditorFlags
      value: 0
      objectReference: {fileID: 0}
    - target: {fileID: 4062304656312684799, guid: 5518b7be8ace516469160bc37b9ca732, type: 3}
      propertyPath: m_StaticEditorFlags
      value: 0
      objectReference: {fileID: 0}
    - target: {fileID: 4233662188446192020, guid: 5518b7be8ace516469160bc37b9ca732, type: 3}
      propertyPath: m_StaticEditorFlags
      value: 0
      objectReference: {fileID: 0}
    - target: {fileID: 4241579421249937262, guid: 5518b7be8ace516469160bc37b9ca732, type: 3}
      propertyPath: m_StaticEditorFlags
      value: 0
      objectReference: {fileID: 0}
    - target: {fileID: 4372795654794505542, guid: 5518b7be8ace516469160bc37b9ca732, type: 3}
      propertyPath: m_StaticEditorFlags
      value: 0
      objectReference: {fileID: 0}
    - target: {fileID: 4397943518900263400, guid: 5518b7be8ace516469160bc37b9ca732, type: 3}
      propertyPath: m_StaticEditorFlags
      value: 0
      objectReference: {fileID: 0}
    - target: {fileID: 4732324985266358273, guid: 5518b7be8ace516469160bc37b9ca732, type: 3}
      propertyPath: m_StaticEditorFlags
      value: 0
      objectReference: {fileID: 0}
    - target: {fileID: 4748216249734280164, guid: 5518b7be8ace516469160bc37b9ca732, type: 3}
      propertyPath: m_StaticEditorFlags
      value: 0
      objectReference: {fileID: 0}
    - target: {fileID: 4782524541801080602, guid: 5518b7be8ace516469160bc37b9ca732, type: 3}
      propertyPath: m_StaticEditorFlags
      value: 0
      objectReference: {fileID: 0}
    - target: {fileID: 5031587944776772010, guid: 5518b7be8ace516469160bc37b9ca732, type: 3}
      propertyPath: m_StaticEditorFlags
      value: 0
      objectReference: {fileID: 0}
    - target: {fileID: 5199311780063157172, guid: 5518b7be8ace516469160bc37b9ca732, type: 3}
      propertyPath: m_StaticEditorFlags
      value: 0
      objectReference: {fileID: 0}
    - target: {fileID: 5221182486870255023, guid: 5518b7be8ace516469160bc37b9ca732, type: 3}
      propertyPath: m_StaticEditorFlags
      value: 0
      objectReference: {fileID: 0}
    - target: {fileID: 5337274960344208056, guid: 5518b7be8ace516469160bc37b9ca732, type: 3}
      propertyPath: m_StaticEditorFlags
      value: 0
      objectReference: {fileID: 0}
    - target: {fileID: 5363812373243045778, guid: 5518b7be8ace516469160bc37b9ca732, type: 3}
      propertyPath: m_StaticEditorFlags
      value: 0
      objectReference: {fileID: 0}
    - target: {fileID: 5410048513834854709, guid: 5518b7be8ace516469160bc37b9ca732, type: 3}
      propertyPath: m_StaticEditorFlags
      value: 0
      objectReference: {fileID: 0}
    - target: {fileID: 5457605431425154429, guid: 5518b7be8ace516469160bc37b9ca732, type: 3}
      propertyPath: m_StaticEditorFlags
      value: 0
      objectReference: {fileID: 0}
    - target: {fileID: 5607993693130480356, guid: 5518b7be8ace516469160bc37b9ca732, type: 3}
      propertyPath: m_Name
      value: Forest
      objectReference: {fileID: 0}
    - target: {fileID: 5607993693130480356, guid: 5518b7be8ace516469160bc37b9ca732, type: 3}
      propertyPath: m_StaticEditorFlags
      value: 0
      objectReference: {fileID: 0}
    - target: {fileID: 5833272571274237269, guid: 5518b7be8ace516469160bc37b9ca732, type: 3}
      propertyPath: m_StaticEditorFlags
      value: 0
      objectReference: {fileID: 0}
    - target: {fileID: 5835184714978517535, guid: 5518b7be8ace516469160bc37b9ca732, type: 3}
      propertyPath: m_StaticEditorFlags
      value: 0
      objectReference: {fileID: 0}
    - target: {fileID: 5990575221049115549, guid: 5518b7be8ace516469160bc37b9ca732, type: 3}
      propertyPath: m_StaticEditorFlags
      value: 0
      objectReference: {fileID: 0}
    - target: {fileID: 6213474702221518846, guid: 5518b7be8ace516469160bc37b9ca732, type: 3}
      propertyPath: m_StaticEditorFlags
      value: 0
      objectReference: {fileID: 0}
    - target: {fileID: 6504111624798172691, guid: 5518b7be8ace516469160bc37b9ca732, type: 3}
      propertyPath: m_StaticEditorFlags
      value: 0
      objectReference: {fileID: 0}
    - target: {fileID: 6790936014649729786, guid: 5518b7be8ace516469160bc37b9ca732, type: 3}
      propertyPath: m_StaticEditorFlags
      value: 0
      objectReference: {fileID: 0}
    - target: {fileID: 7058219272527178977, guid: 5518b7be8ace516469160bc37b9ca732, type: 3}
      propertyPath: m_StaticEditorFlags
      value: 0
      objectReference: {fileID: 0}
    - target: {fileID: 7567927727953334021, guid: 5518b7be8ace516469160bc37b9ca732, type: 3}
      propertyPath: m_StaticEditorFlags
      value: 0
      objectReference: {fileID: 0}
    - target: {fileID: 7585203558827715120, guid: 5518b7be8ace516469160bc37b9ca732, type: 3}
      propertyPath: m_StaticEditorFlags
      value: 0
      objectReference: {fileID: 0}
    - target: {fileID: 7599006244355402980, guid: 5518b7be8ace516469160bc37b9ca732, type: 3}
      propertyPath: m_StaticEditorFlags
      value: 0
      objectReference: {fileID: 0}
    - target: {fileID: 7640342862071226202, guid: 5518b7be8ace516469160bc37b9ca732, type: 3}
      propertyPath: m_StaticEditorFlags
      value: 0
      objectReference: {fileID: 0}
    - target: {fileID: 7913283585423889675, guid: 5518b7be8ace516469160bc37b9ca732, type: 3}
      propertyPath: m_StaticEditorFlags
      value: 0
      objectReference: {fileID: 0}
    - target: {fileID: 8145286239316021149, guid: 5518b7be8ace516469160bc37b9ca732, type: 3}
      propertyPath: m_RootOrder
      value: 7
      objectReference: {fileID: 0}
    - target: {fileID: 8145286239316021149, guid: 5518b7be8ace516469160bc37b9ca732, type: 3}
      propertyPath: m_LocalPosition.x
      value: -60.449997
      objectReference: {fileID: 0}
    - target: {fileID: 8145286239316021149, guid: 5518b7be8ace516469160bc37b9ca732, type: 3}
      propertyPath: m_LocalPosition.y
      value: 0
      objectReference: {fileID: 0}
    - target: {fileID: 8145286239316021149, guid: 5518b7be8ace516469160bc37b9ca732, type: 3}
      propertyPath: m_LocalPosition.z
      value: -15
      objectReference: {fileID: 0}
    - target: {fileID: 8145286239316021149, guid: 5518b7be8ace516469160bc37b9ca732, type: 3}
      propertyPath: m_LocalRotation.w
      value: 1
      objectReference: {fileID: 0}
    - target: {fileID: 8145286239316021149, guid: 5518b7be8ace516469160bc37b9ca732, type: 3}
      propertyPath: m_LocalRotation.x
      value: -0
      objectReference: {fileID: 0}
    - target: {fileID: 8145286239316021149, guid: 5518b7be8ace516469160bc37b9ca732, type: 3}
      propertyPath: m_LocalRotation.y
      value: -0
      objectReference: {fileID: 0}
    - target: {fileID: 8145286239316021149, guid: 5518b7be8ace516469160bc37b9ca732, type: 3}
      propertyPath: m_LocalRotation.z
      value: -0
      objectReference: {fileID: 0}
    - target: {fileID: 8145286239316021149, guid: 5518b7be8ace516469160bc37b9ca732, type: 3}
      propertyPath: m_LocalEulerAnglesHint.x
      value: 0
      objectReference: {fileID: 0}
    - target: {fileID: 8145286239316021149, guid: 5518b7be8ace516469160bc37b9ca732, type: 3}
      propertyPath: m_LocalEulerAnglesHint.y
      value: 0
      objectReference: {fileID: 0}
    - target: {fileID: 8145286239316021149, guid: 5518b7be8ace516469160bc37b9ca732, type: 3}
      propertyPath: m_LocalEulerAnglesHint.z
      value: 0
      objectReference: {fileID: 0}
    - target: {fileID: 8212967379057677828, guid: 5518b7be8ace516469160bc37b9ca732, type: 3}
      propertyPath: m_StaticEditorFlags
      value: 0
      objectReference: {fileID: 0}
    - target: {fileID: 8221080945369069501, guid: 5518b7be8ace516469160bc37b9ca732, type: 3}
      propertyPath: m_StaticEditorFlags
      value: 0
      objectReference: {fileID: 0}
    - target: {fileID: 8352401113096260897, guid: 5518b7be8ace516469160bc37b9ca732, type: 3}
      propertyPath: m_StaticEditorFlags
      value: 0
      objectReference: {fileID: 0}
    - target: {fileID: 8421900164879078545, guid: 5518b7be8ace516469160bc37b9ca732, type: 3}
      propertyPath: m_StaticEditorFlags
      value: 0
      objectReference: {fileID: 0}
    - target: {fileID: 8495336066375423056, guid: 5518b7be8ace516469160bc37b9ca732, type: 3}
      propertyPath: m_StaticEditorFlags
      value: 0
      objectReference: {fileID: 0}
    - target: {fileID: 8666607140615193695, guid: 5518b7be8ace516469160bc37b9ca732, type: 3}
      propertyPath: m_StaticEditorFlags
      value: 0
      objectReference: {fileID: 0}
    - target: {fileID: 8790073019804497616, guid: 5518b7be8ace516469160bc37b9ca732, type: 3}
      propertyPath: m_StaticEditorFlags
      value: 0
      objectReference: {fileID: 0}
    - target: {fileID: 9147015281346594607, guid: 5518b7be8ace516469160bc37b9ca732, type: 3}
      propertyPath: m_StaticEditorFlags
      value: 0
      objectReference: {fileID: 0}
    - target: {fileID: 9152766874019406850, guid: 5518b7be8ace516469160bc37b9ca732, type: 3}
      propertyPath: m_StaticEditorFlags
      value: 0
      objectReference: {fileID: 0}
    - target: {fileID: 9211610961770502839, guid: 5518b7be8ace516469160bc37b9ca732, type: 3}
      propertyPath: m_StaticEditorFlags
      value: 0
      objectReference: {fileID: 0}
    - target: {fileID: 9215952994425974808, guid: 5518b7be8ace516469160bc37b9ca732, type: 3}
      propertyPath: m_StaticEditorFlags
      value: 0
      objectReference: {fileID: 0}
    m_RemovedComponents: []
  m_SourcePrefab: {fileID: 100100000, guid: 5518b7be8ace516469160bc37b9ca732, type: 3}
--- !u!4 &3175097961883636494 stripped
Transform:
  m_CorrespondingSourceObject: {fileID: 8145286239316021149, guid: 5518b7be8ace516469160bc37b9ca732, type: 3}
  m_PrefabInstance: {fileID: 6708648670388755603}
  m_PrefabAsset: {fileID: 0}
--- !u!1001 &7578520874508798263
PrefabInstance:
  m_ObjectHideFlags: 0
  serializedVersion: 2
  m_Modification:
    m_TransformParent: {fileID: 817245989894800645}
    m_Modifications:
    - target: {fileID: 4661435515762455780, guid: e289bf5debb17f6459818c207d781953, type: 3}
      propertyPath: m_Name
      value: Tree_02
      objectReference: {fileID: 0}
    - target: {fileID: 4661435515762455780, guid: e289bf5debb17f6459818c207d781953, type: 3}
      propertyPath: m_StaticEditorFlags
      value: 0
      objectReference: {fileID: 0}
    - target: {fileID: 4661435515762813124, guid: e289bf5debb17f6459818c207d781953, type: 3}
      propertyPath: m_RootOrder
      value: 12
      objectReference: {fileID: 0}
    - target: {fileID: 4661435515762813124, guid: e289bf5debb17f6459818c207d781953, type: 3}
      propertyPath: m_LocalPosition.x
      value: -61.276367
      objectReference: {fileID: 0}
    - target: {fileID: 4661435515762813124, guid: e289bf5debb17f6459818c207d781953, type: 3}
      propertyPath: m_LocalPosition.y
      value: -0.0000076293945
      objectReference: {fileID: 0}
    - target: {fileID: 4661435515762813124, guid: e289bf5debb17f6459818c207d781953, type: 3}
      propertyPath: m_LocalPosition.z
      value: -14.422417
      objectReference: {fileID: 0}
    - target: {fileID: 4661435515762813124, guid: e289bf5debb17f6459818c207d781953, type: 3}
      propertyPath: m_LocalRotation.w
      value: 1
      objectReference: {fileID: 0}
    - target: {fileID: 4661435515762813124, guid: e289bf5debb17f6459818c207d781953, type: 3}
      propertyPath: m_LocalRotation.x
      value: -0
      objectReference: {fileID: 0}
    - target: {fileID: 4661435515762813124, guid: e289bf5debb17f6459818c207d781953, type: 3}
      propertyPath: m_LocalRotation.y
      value: -0
      objectReference: {fileID: 0}
    - target: {fileID: 4661435515762813124, guid: e289bf5debb17f6459818c207d781953, type: 3}
      propertyPath: m_LocalRotation.z
      value: -0
      objectReference: {fileID: 0}
    - target: {fileID: 4661435515762813124, guid: e289bf5debb17f6459818c207d781953, type: 3}
      propertyPath: m_LocalEulerAnglesHint.x
      value: 0
      objectReference: {fileID: 0}
    - target: {fileID: 4661435515762813124, guid: e289bf5debb17f6459818c207d781953, type: 3}
      propertyPath: m_LocalEulerAnglesHint.y
      value: 0
      objectReference: {fileID: 0}
    - target: {fileID: 4661435515762813124, guid: e289bf5debb17f6459818c207d781953, type: 3}
      propertyPath: m_LocalEulerAnglesHint.z
      value: 0
      objectReference: {fileID: 0}
    m_RemovedComponents: []
  m_SourcePrefab: {fileID: 100100000, guid: e289bf5debb17f6459818c207d781953, type: 3}
--- !u!4 &2998533626852041203 stripped
Transform:
  m_CorrespondingSourceObject: {fileID: 4661435515762813124, guid: e289bf5debb17f6459818c207d781953, type: 3}
  m_PrefabInstance: {fileID: 7578520874508798263}
  m_PrefabAsset: {fileID: 0}
--- !u!1001 &8184341699907960035
PrefabInstance:
  m_ObjectHideFlags: 0
  serializedVersion: 2
  m_Modification:
    m_TransformParent: {fileID: 817245989894800645}
    m_Modifications:
    - target: {fileID: 2507811915613920077, guid: 7e34210ca00a5744b967b947be1b1f78, type: 3}
      propertyPath: m_RootOrder
      value: 4
      objectReference: {fileID: 0}
    - target: {fileID: 2507811915613920077, guid: 7e34210ca00a5744b967b947be1b1f78, type: 3}
      propertyPath: m_LocalPosition.x
      value: -12.800003
      objectReference: {fileID: 0}
    - target: {fileID: 2507811915613920077, guid: 7e34210ca00a5744b967b947be1b1f78, type: 3}
      propertyPath: m_LocalPosition.y
      value: 0
      objectReference: {fileID: 0}
    - target: {fileID: 2507811915613920077, guid: 7e34210ca00a5744b967b947be1b1f78, type: 3}
      propertyPath: m_LocalPosition.z
      value: -6.489998
      objectReference: {fileID: 0}
    - target: {fileID: 2507811915613920077, guid: 7e34210ca00a5744b967b947be1b1f78, type: 3}
      propertyPath: m_LocalRotation.w
      value: 1
      objectReference: {fileID: 0}
    - target: {fileID: 2507811915613920077, guid: 7e34210ca00a5744b967b947be1b1f78, type: 3}
      propertyPath: m_LocalRotation.x
      value: -0
      objectReference: {fileID: 0}
    - target: {fileID: 2507811915613920077, guid: 7e34210ca00a5744b967b947be1b1f78, type: 3}
      propertyPath: m_LocalRotation.y
      value: -0
      objectReference: {fileID: 0}
    - target: {fileID: 2507811915613920077, guid: 7e34210ca00a5744b967b947be1b1f78, type: 3}
      propertyPath: m_LocalRotation.z
      value: -0
      objectReference: {fileID: 0}
    - target: {fileID: 2507811915613920077, guid: 7e34210ca00a5744b967b947be1b1f78, type: 3}
      propertyPath: m_LocalEulerAnglesHint.x
      value: 0
      objectReference: {fileID: 0}
    - target: {fileID: 2507811915613920077, guid: 7e34210ca00a5744b967b947be1b1f78, type: 3}
      propertyPath: m_LocalEulerAnglesHint.y
      value: 0
      objectReference: {fileID: 0}
    - target: {fileID: 2507811915613920077, guid: 7e34210ca00a5744b967b947be1b1f78, type: 3}
      propertyPath: m_LocalEulerAnglesHint.z
      value: 0
      objectReference: {fileID: 0}
    - target: {fileID: 2507811915614215575, guid: 7e34210ca00a5744b967b947be1b1f78, type: 3}
      propertyPath: m_Name
      value: building_7 (1)
      objectReference: {fileID: 0}
    - target: {fileID: 2507811915614215575, guid: 7e34210ca00a5744b967b947be1b1f78, type: 3}
      propertyPath: m_StaticEditorFlags
      value: 0
      objectReference: {fileID: 0}
    m_RemovedComponents: []
  m_SourcePrefab: {fileID: 100100000, guid: 7e34210ca00a5744b967b947be1b1f78, type: 3}
--- !u!4 &6005856659187361710 stripped
Transform:
  m_CorrespondingSourceObject: {fileID: 2507811915613920077, guid: 7e34210ca00a5744b967b947be1b1f78, type: 3}
  m_PrefabInstance: {fileID: 8184341699907960035}
  m_PrefabAsset: {fileID: 0}
--- !u!1001 &8482445731986574121
PrefabInstance:
  m_ObjectHideFlags: 0
  serializedVersion: 2
  m_Modification:
    m_TransformParent: {fileID: 817245989894800645}
    m_Modifications:
    - target: {fileID: 4661435515762455780, guid: e289bf5debb17f6459818c207d781953, type: 3}
      propertyPath: m_Name
      value: Tree_02 (1)
      objectReference: {fileID: 0}
    - target: {fileID: 4661435515762455780, guid: e289bf5debb17f6459818c207d781953, type: 3}
      propertyPath: m_StaticEditorFlags
      value: 0
      objectReference: {fileID: 0}
    - target: {fileID: 4661435515762813124, guid: e289bf5debb17f6459818c207d781953, type: 3}
      propertyPath: m_RootOrder
      value: 13
      objectReference: {fileID: 0}
    - target: {fileID: 4661435515762813124, guid: e289bf5debb17f6459818c207d781953, type: 3}
      propertyPath: m_LocalPosition.x
      value: 57.73523
      objectReference: {fileID: 0}
    - target: {fileID: 4661435515762813124, guid: e289bf5debb17f6459818c207d781953, type: 3}
      propertyPath: m_LocalPosition.y
      value: -0.0000038146973
      objectReference: {fileID: 0}
    - target: {fileID: 4661435515762813124, guid: e289bf5debb17f6459818c207d781953, type: 3}
      propertyPath: m_LocalPosition.z
      value: -21.050941
      objectReference: {fileID: 0}
    - target: {fileID: 4661435515762813124, guid: e289bf5debb17f6459818c207d781953, type: 3}
      propertyPath: m_LocalRotation.w
      value: 1
      objectReference: {fileID: 0}
    - target: {fileID: 4661435515762813124, guid: e289bf5debb17f6459818c207d781953, type: 3}
      propertyPath: m_LocalRotation.x
      value: -0
      objectReference: {fileID: 0}
    - target: {fileID: 4661435515762813124, guid: e289bf5debb17f6459818c207d781953, type: 3}
      propertyPath: m_LocalRotation.y
      value: -0
      objectReference: {fileID: 0}
    - target: {fileID: 4661435515762813124, guid: e289bf5debb17f6459818c207d781953, type: 3}
      propertyPath: m_LocalRotation.z
      value: -0
      objectReference: {fileID: 0}
    - target: {fileID: 4661435515762813124, guid: e289bf5debb17f6459818c207d781953, type: 3}
      propertyPath: m_LocalEulerAnglesHint.x
      value: 0
      objectReference: {fileID: 0}
    - target: {fileID: 4661435515762813124, guid: e289bf5debb17f6459818c207d781953, type: 3}
      propertyPath: m_LocalEulerAnglesHint.y
      value: 0
      objectReference: {fileID: 0}
    - target: {fileID: 4661435515762813124, guid: e289bf5debb17f6459818c207d781953, type: 3}
      propertyPath: m_LocalEulerAnglesHint.z
      value: 0
      objectReference: {fileID: 0}
    m_RemovedComponents: []
  m_SourcePrefab: {fileID: 100100000, guid: e289bf5debb17f6459818c207d781953, type: 3}
--- !u!4 &3821037742280156141 stripped
Transform:
  m_CorrespondingSourceObject: {fileID: 4661435515762813124, guid: e289bf5debb17f6459818c207d781953, type: 3}
  m_PrefabInstance: {fileID: 8482445731986574121}
  m_PrefabAsset: {fileID: 0}
--- !u!1001 &8543985129569988404
PrefabInstance:
  m_ObjectHideFlags: 0
  serializedVersion: 2
  m_Modification:
    m_TransformParent: {fileID: 817245989894800645}
    m_Modifications:
    - target: {fileID: 224066076813093471, guid: 5518b7be8ace516469160bc37b9ca732, type: 3}
      propertyPath: m_StaticEditorFlags
      value: 0
      objectReference: {fileID: 0}
    - target: {fileID: 511507784876295020, guid: 5518b7be8ace516469160bc37b9ca732, type: 3}
      propertyPath: m_StaticEditorFlags
      value: 0
      objectReference: {fileID: 0}
    - target: {fileID: 547913375223549802, guid: 5518b7be8ace516469160bc37b9ca732, type: 3}
      propertyPath: m_StaticEditorFlags
      value: 0
      objectReference: {fileID: 0}
    - target: {fileID: 688172017916512930, guid: 5518b7be8ace516469160bc37b9ca732, type: 3}
      propertyPath: m_StaticEditorFlags
      value: 0
      objectReference: {fileID: 0}
    - target: {fileID: 693387374309603901, guid: 5518b7be8ace516469160bc37b9ca732, type: 3}
      propertyPath: m_StaticEditorFlags
      value: 0
      objectReference: {fileID: 0}
    - target: {fileID: 863489714528493583, guid: 5518b7be8ace516469160bc37b9ca732, type: 3}
      propertyPath: m_StaticEditorFlags
      value: 0
      objectReference: {fileID: 0}
    - target: {fileID: 923603384862528327, guid: 5518b7be8ace516469160bc37b9ca732, type: 3}
      propertyPath: m_StaticEditorFlags
      value: 0
      objectReference: {fileID: 0}
    - target: {fileID: 1182032175441485535, guid: 5518b7be8ace516469160bc37b9ca732, type: 3}
      propertyPath: m_StaticEditorFlags
      value: 0
      objectReference: {fileID: 0}
    - target: {fileID: 1450942835547364725, guid: 5518b7be8ace516469160bc37b9ca732, type: 3}
      propertyPath: m_StaticEditorFlags
      value: 0
      objectReference: {fileID: 0}
    - target: {fileID: 1849850192743978471, guid: 5518b7be8ace516469160bc37b9ca732, type: 3}
      propertyPath: m_StaticEditorFlags
      value: 0
      objectReference: {fileID: 0}
    - target: {fileID: 1934261660025483575, guid: 5518b7be8ace516469160bc37b9ca732, type: 3}
      propertyPath: m_StaticEditorFlags
      value: 0
      objectReference: {fileID: 0}
    - target: {fileID: 2051033968809493614, guid: 5518b7be8ace516469160bc37b9ca732, type: 3}
      propertyPath: m_StaticEditorFlags
      value: 0
      objectReference: {fileID: 0}
    - target: {fileID: 2069731750601756003, guid: 5518b7be8ace516469160bc37b9ca732, type: 3}
      propertyPath: m_StaticEditorFlags
      value: 0
      objectReference: {fileID: 0}
    - target: {fileID: 2087000934433730075, guid: 5518b7be8ace516469160bc37b9ca732, type: 3}
      propertyPath: m_StaticEditorFlags
      value: 0
      objectReference: {fileID: 0}
    - target: {fileID: 2192034062783033011, guid: 5518b7be8ace516469160bc37b9ca732, type: 3}
      propertyPath: m_StaticEditorFlags
      value: 0
      objectReference: {fileID: 0}
    - target: {fileID: 2227154755999159508, guid: 5518b7be8ace516469160bc37b9ca732, type: 3}
      propertyPath: m_StaticEditorFlags
      value: 0
      objectReference: {fileID: 0}
    - target: {fileID: 2310404709837041565, guid: 5518b7be8ace516469160bc37b9ca732, type: 3}
      propertyPath: m_StaticEditorFlags
      value: 0
      objectReference: {fileID: 0}
    - target: {fileID: 2423984550388647297, guid: 5518b7be8ace516469160bc37b9ca732, type: 3}
      propertyPath: m_StaticEditorFlags
      value: 0
      objectReference: {fileID: 0}
    - target: {fileID: 3015355749654564957, guid: 5518b7be8ace516469160bc37b9ca732, type: 3}
      propertyPath: m_StaticEditorFlags
      value: 0
      objectReference: {fileID: 0}
    - target: {fileID: 3084886753209814119, guid: 5518b7be8ace516469160bc37b9ca732, type: 3}
      propertyPath: m_StaticEditorFlags
      value: 0
      objectReference: {fileID: 0}
    - target: {fileID: 3309661440365409521, guid: 5518b7be8ace516469160bc37b9ca732, type: 3}
      propertyPath: m_StaticEditorFlags
      value: 0
      objectReference: {fileID: 0}
    - target: {fileID: 3376703669458135315, guid: 5518b7be8ace516469160bc37b9ca732, type: 3}
      propertyPath: m_StaticEditorFlags
      value: 0
      objectReference: {fileID: 0}
    - target: {fileID: 3397036839105689630, guid: 5518b7be8ace516469160bc37b9ca732, type: 3}
      propertyPath: m_StaticEditorFlags
      value: 0
      objectReference: {fileID: 0}
    - target: {fileID: 3557406319274628981, guid: 5518b7be8ace516469160bc37b9ca732, type: 3}
      propertyPath: m_StaticEditorFlags
      value: 0
      objectReference: {fileID: 0}
    - target: {fileID: 3707870083713478303, guid: 5518b7be8ace516469160bc37b9ca732, type: 3}
      propertyPath: m_StaticEditorFlags
      value: 0
      objectReference: {fileID: 0}
    - target: {fileID: 4013466221029877141, guid: 5518b7be8ace516469160bc37b9ca732, type: 3}
      propertyPath: m_StaticEditorFlags
      value: 0
      objectReference: {fileID: 0}
    - target: {fileID: 4049945765329338369, guid: 5518b7be8ace516469160bc37b9ca732, type: 3}
      propertyPath: m_StaticEditorFlags
      value: 0
      objectReference: {fileID: 0}
    - target: {fileID: 4062304656312684799, guid: 5518b7be8ace516469160bc37b9ca732, type: 3}
      propertyPath: m_StaticEditorFlags
      value: 0
      objectReference: {fileID: 0}
    - target: {fileID: 4233662188446192020, guid: 5518b7be8ace516469160bc37b9ca732, type: 3}
      propertyPath: m_StaticEditorFlags
      value: 0
      objectReference: {fileID: 0}
    - target: {fileID: 4241579421249937262, guid: 5518b7be8ace516469160bc37b9ca732, type: 3}
      propertyPath: m_StaticEditorFlags
      value: 0
      objectReference: {fileID: 0}
    - target: {fileID: 4372795654794505542, guid: 5518b7be8ace516469160bc37b9ca732, type: 3}
      propertyPath: m_StaticEditorFlags
      value: 0
      objectReference: {fileID: 0}
    - target: {fileID: 4397943518900263400, guid: 5518b7be8ace516469160bc37b9ca732, type: 3}
      propertyPath: m_StaticEditorFlags
      value: 0
      objectReference: {fileID: 0}
    - target: {fileID: 4732324985266358273, guid: 5518b7be8ace516469160bc37b9ca732, type: 3}
      propertyPath: m_StaticEditorFlags
      value: 0
      objectReference: {fileID: 0}
    - target: {fileID: 4748216249734280164, guid: 5518b7be8ace516469160bc37b9ca732, type: 3}
      propertyPath: m_StaticEditorFlags
      value: 0
      objectReference: {fileID: 0}
    - target: {fileID: 4782524541801080602, guid: 5518b7be8ace516469160bc37b9ca732, type: 3}
      propertyPath: m_StaticEditorFlags
      value: 0
      objectReference: {fileID: 0}
    - target: {fileID: 5031587944776772010, guid: 5518b7be8ace516469160bc37b9ca732, type: 3}
      propertyPath: m_StaticEditorFlags
      value: 0
      objectReference: {fileID: 0}
    - target: {fileID: 5199311780063157172, guid: 5518b7be8ace516469160bc37b9ca732, type: 3}
      propertyPath: m_StaticEditorFlags
      value: 0
      objectReference: {fileID: 0}
    - target: {fileID: 5221182486870255023, guid: 5518b7be8ace516469160bc37b9ca732, type: 3}
      propertyPath: m_StaticEditorFlags
      value: 0
      objectReference: {fileID: 0}
    - target: {fileID: 5337274960344208056, guid: 5518b7be8ace516469160bc37b9ca732, type: 3}
      propertyPath: m_StaticEditorFlags
      value: 0
      objectReference: {fileID: 0}
    - target: {fileID: 5363812373243045778, guid: 5518b7be8ace516469160bc37b9ca732, type: 3}
      propertyPath: m_StaticEditorFlags
      value: 0
      objectReference: {fileID: 0}
    - target: {fileID: 5410048513834854709, guid: 5518b7be8ace516469160bc37b9ca732, type: 3}
      propertyPath: m_StaticEditorFlags
      value: 0
      objectReference: {fileID: 0}
    - target: {fileID: 5457605431425154429, guid: 5518b7be8ace516469160bc37b9ca732, type: 3}
      propertyPath: m_IsActive
      value: 1
      objectReference: {fileID: 0}
    - target: {fileID: 5457605431425154429, guid: 5518b7be8ace516469160bc37b9ca732, type: 3}
      propertyPath: m_StaticEditorFlags
      value: 0
      objectReference: {fileID: 0}
    - target: {fileID: 5607993693130480356, guid: 5518b7be8ace516469160bc37b9ca732, type: 3}
      propertyPath: m_Name
      value: Forest (1)
      objectReference: {fileID: 0}
    - target: {fileID: 5607993693130480356, guid: 5518b7be8ace516469160bc37b9ca732, type: 3}
      propertyPath: m_IsActive
      value: 1
      objectReference: {fileID: 0}
    - target: {fileID: 5607993693130480356, guid: 5518b7be8ace516469160bc37b9ca732, type: 3}
      propertyPath: m_StaticEditorFlags
      value: 0
      objectReference: {fileID: 0}
    - target: {fileID: 5833272571274237269, guid: 5518b7be8ace516469160bc37b9ca732, type: 3}
      propertyPath: m_StaticEditorFlags
      value: 0
      objectReference: {fileID: 0}
    - target: {fileID: 5835184714978517535, guid: 5518b7be8ace516469160bc37b9ca732, type: 3}
      propertyPath: m_StaticEditorFlags
      value: 0
      objectReference: {fileID: 0}
    - target: {fileID: 5990575221049115549, guid: 5518b7be8ace516469160bc37b9ca732, type: 3}
      propertyPath: m_StaticEditorFlags
      value: 0
      objectReference: {fileID: 0}
    - target: {fileID: 6213474702221518846, guid: 5518b7be8ace516469160bc37b9ca732, type: 3}
      propertyPath: m_StaticEditorFlags
      value: 0
      objectReference: {fileID: 0}
    - target: {fileID: 6504111624798172691, guid: 5518b7be8ace516469160bc37b9ca732, type: 3}
      propertyPath: m_StaticEditorFlags
      value: 0
      objectReference: {fileID: 0}
    - target: {fileID: 6790936014649729786, guid: 5518b7be8ace516469160bc37b9ca732, type: 3}
      propertyPath: m_StaticEditorFlags
      value: 0
      objectReference: {fileID: 0}
    - target: {fileID: 7058219272527178977, guid: 5518b7be8ace516469160bc37b9ca732, type: 3}
      propertyPath: m_StaticEditorFlags
      value: 0
      objectReference: {fileID: 0}
    - target: {fileID: 7567927727953334021, guid: 5518b7be8ace516469160bc37b9ca732, type: 3}
      propertyPath: m_StaticEditorFlags
      value: 0
      objectReference: {fileID: 0}
    - target: {fileID: 7585203558827715120, guid: 5518b7be8ace516469160bc37b9ca732, type: 3}
      propertyPath: m_StaticEditorFlags
      value: 0
      objectReference: {fileID: 0}
    - target: {fileID: 7599006244355402980, guid: 5518b7be8ace516469160bc37b9ca732, type: 3}
      propertyPath: m_StaticEditorFlags
      value: 0
      objectReference: {fileID: 0}
    - target: {fileID: 7640342862071226202, guid: 5518b7be8ace516469160bc37b9ca732, type: 3}
      propertyPath: m_StaticEditorFlags
      value: 0
      objectReference: {fileID: 0}
    - target: {fileID: 7913283585423889675, guid: 5518b7be8ace516469160bc37b9ca732, type: 3}
      propertyPath: m_StaticEditorFlags
      value: 0
      objectReference: {fileID: 0}
    - target: {fileID: 8145286239316021149, guid: 5518b7be8ace516469160bc37b9ca732, type: 3}
      propertyPath: m_RootOrder
      value: 8
      objectReference: {fileID: 0}
    - target: {fileID: 8145286239316021149, guid: 5518b7be8ace516469160bc37b9ca732, type: 3}
      propertyPath: m_LocalPosition.x
      value: 59.4
      objectReference: {fileID: 0}
    - target: {fileID: 8145286239316021149, guid: 5518b7be8ace516469160bc37b9ca732, type: 3}
      propertyPath: m_LocalPosition.y
      value: 0
      objectReference: {fileID: 0}
    - target: {fileID: 8145286239316021149, guid: 5518b7be8ace516469160bc37b9ca732, type: 3}
      propertyPath: m_LocalPosition.z
      value: -15
      objectReference: {fileID: 0}
    - target: {fileID: 8145286239316021149, guid: 5518b7be8ace516469160bc37b9ca732, type: 3}
      propertyPath: m_LocalRotation.w
      value: 0
      objectReference: {fileID: 0}
    - target: {fileID: 8145286239316021149, guid: 5518b7be8ace516469160bc37b9ca732, type: 3}
      propertyPath: m_LocalRotation.x
      value: -0
      objectReference: {fileID: 0}
    - target: {fileID: 8145286239316021149, guid: 5518b7be8ace516469160bc37b9ca732, type: 3}
      propertyPath: m_LocalRotation.y
      value: 1
      objectReference: {fileID: 0}
    - target: {fileID: 8145286239316021149, guid: 5518b7be8ace516469160bc37b9ca732, type: 3}
      propertyPath: m_LocalRotation.z
      value: -0
      objectReference: {fileID: 0}
    - target: {fileID: 8145286239316021149, guid: 5518b7be8ace516469160bc37b9ca732, type: 3}
      propertyPath: m_LocalEulerAnglesHint.x
      value: 0
      objectReference: {fileID: 0}
    - target: {fileID: 8145286239316021149, guid: 5518b7be8ace516469160bc37b9ca732, type: 3}
      propertyPath: m_LocalEulerAnglesHint.y
      value: 180
      objectReference: {fileID: 0}
    - target: {fileID: 8145286239316021149, guid: 5518b7be8ace516469160bc37b9ca732, type: 3}
      propertyPath: m_LocalEulerAnglesHint.z
      value: 0
      objectReference: {fileID: 0}
    - target: {fileID: 8212967379057677828, guid: 5518b7be8ace516469160bc37b9ca732, type: 3}
      propertyPath: m_StaticEditorFlags
      value: 0
      objectReference: {fileID: 0}
    - target: {fileID: 8221080945369069501, guid: 5518b7be8ace516469160bc37b9ca732, type: 3}
      propertyPath: m_StaticEditorFlags
      value: 0
      objectReference: {fileID: 0}
    - target: {fileID: 8352401113096260897, guid: 5518b7be8ace516469160bc37b9ca732, type: 3}
      propertyPath: m_StaticEditorFlags
      value: 0
      objectReference: {fileID: 0}
    - target: {fileID: 8421900164879078545, guid: 5518b7be8ace516469160bc37b9ca732, type: 3}
      propertyPath: m_StaticEditorFlags
      value: 0
      objectReference: {fileID: 0}
    - target: {fileID: 8495336066375423056, guid: 5518b7be8ace516469160bc37b9ca732, type: 3}
      propertyPath: m_StaticEditorFlags
      value: 0
      objectReference: {fileID: 0}
    - target: {fileID: 8666607140615193695, guid: 5518b7be8ace516469160bc37b9ca732, type: 3}
      propertyPath: m_StaticEditorFlags
      value: 0
      objectReference: {fileID: 0}
    - target: {fileID: 8790073019804497616, guid: 5518b7be8ace516469160bc37b9ca732, type: 3}
      propertyPath: m_StaticEditorFlags
      value: 0
      objectReference: {fileID: 0}
    - target: {fileID: 9147015281346594607, guid: 5518b7be8ace516469160bc37b9ca732, type: 3}
      propertyPath: m_StaticEditorFlags
      value: 0
      objectReference: {fileID: 0}
    - target: {fileID: 9152766874019406850, guid: 5518b7be8ace516469160bc37b9ca732, type: 3}
      propertyPath: m_StaticEditorFlags
      value: 0
      objectReference: {fileID: 0}
    - target: {fileID: 9211610961770502839, guid: 5518b7be8ace516469160bc37b9ca732, type: 3}
      propertyPath: m_StaticEditorFlags
      value: 0
      objectReference: {fileID: 0}
    - target: {fileID: 9215952994425974808, guid: 5518b7be8ace516469160bc37b9ca732, type: 3}
      propertyPath: m_StaticEditorFlags
      value: 0
      objectReference: {fileID: 0}
    m_RemovedComponents: []
  m_SourcePrefab: {fileID: 100100000, guid: 5518b7be8ace516469160bc37b9ca732, type: 3}
--- !u!4 &548185268070523049 stripped
Transform:
  m_CorrespondingSourceObject: {fileID: 8145286239316021149, guid: 5518b7be8ace516469160bc37b9ca732, type: 3}
  m_PrefabInstance: {fileID: 8543985129569988404}
  m_PrefabAsset: {fileID: 0}
--- !u!1001 &8908994880408823126
PrefabInstance:
  m_ObjectHideFlags: 0
  serializedVersion: 2
  m_Modification:
    m_TransformParent: {fileID: 817245989894800645}
    m_Modifications:
    - target: {fileID: 1130959867764666, guid: 81bce50924cffc644ae62c5a3c5c4192, type: 3}
      propertyPath: m_Name
      value: tree-forest (1)
      objectReference: {fileID: 0}
    - target: {fileID: 1130959867764666, guid: 81bce50924cffc644ae62c5a3c5c4192, type: 3}
      propertyPath: m_StaticEditorFlags
      value: 0
      objectReference: {fileID: 0}
    - target: {fileID: 4690905968987198, guid: 81bce50924cffc644ae62c5a3c5c4192, type: 3}
      propertyPath: m_RootOrder
      value: 15
      objectReference: {fileID: 0}
    - target: {fileID: 4690905968987198, guid: 81bce50924cffc644ae62c5a3c5c4192, type: 3}
      propertyPath: m_LocalPosition.x
      value: 41.872963
      objectReference: {fileID: 0}
    - target: {fileID: 4690905968987198, guid: 81bce50924cffc644ae62c5a3c5c4192, type: 3}
      propertyPath: m_LocalPosition.y
      value: 0
      objectReference: {fileID: 0}
    - target: {fileID: 4690905968987198, guid: 81bce50924cffc644ae62c5a3c5c4192, type: 3}
      propertyPath: m_LocalPosition.z
      value: -21.81025
      objectReference: {fileID: 0}
    - target: {fileID: 4690905968987198, guid: 81bce50924cffc644ae62c5a3c5c4192, type: 3}
      propertyPath: m_LocalRotation.w
      value: 1
      objectReference: {fileID: 0}
    - target: {fileID: 4690905968987198, guid: 81bce50924cffc644ae62c5a3c5c4192, type: 3}
      propertyPath: m_LocalRotation.x
      value: -0
      objectReference: {fileID: 0}
    - target: {fileID: 4690905968987198, guid: 81bce50924cffc644ae62c5a3c5c4192, type: 3}
      propertyPath: m_LocalRotation.y
      value: -0
      objectReference: {fileID: 0}
    - target: {fileID: 4690905968987198, guid: 81bce50924cffc644ae62c5a3c5c4192, type: 3}
      propertyPath: m_LocalRotation.z
      value: -0
      objectReference: {fileID: 0}
    - target: {fileID: 4690905968987198, guid: 81bce50924cffc644ae62c5a3c5c4192, type: 3}
      propertyPath: m_LocalEulerAnglesHint.x
      value: 0
      objectReference: {fileID: 0}
    - target: {fileID: 4690905968987198, guid: 81bce50924cffc644ae62c5a3c5c4192, type: 3}
      propertyPath: m_LocalEulerAnglesHint.y
      value: 0
      objectReference: {fileID: 0}
    - target: {fileID: 4690905968987198, guid: 81bce50924cffc644ae62c5a3c5c4192, type: 3}
      propertyPath: m_LocalEulerAnglesHint.z
      value: 0
      objectReference: {fileID: 0}
    m_RemovedComponents: []
  m_SourcePrefab: {fileID: 100100000, guid: 81bce50924cffc644ae62c5a3c5c4192, type: 3}
--- !u!4 &8913663796128409960 stripped
Transform:
  m_CorrespondingSourceObject: {fileID: 4690905968987198, guid: 81bce50924cffc644ae62c5a3c5c4192, type: 3}
  m_PrefabInstance: {fileID: 8908994880408823126}
  m_PrefabAsset: {fileID: 0}
--- !u!1001 &9203822298170860947
PrefabInstance:
  m_ObjectHideFlags: 0
  serializedVersion: 2
  m_Modification:
    m_TransformParent: {fileID: 7584761533607101858}
    m_Modifications:
    - target: {fileID: 449552161477392001, guid: 240f865433d03a8469d4f5a438765fd7, type: 3}
      propertyPath: m_Name
      value: Gazebo (1)
      objectReference: {fileID: 0}
    - target: {fileID: 449552161477392001, guid: 240f865433d03a8469d4f5a438765fd7, type: 3}
      propertyPath: m_StaticEditorFlags
      value: 0
      objectReference: {fileID: 0}
    - target: {fileID: 3487607555462038674, guid: 240f865433d03a8469d4f5a438765fd7, type: 3}
      propertyPath: m_RootOrder
      value: 23
      objectReference: {fileID: 0}
    - target: {fileID: 3487607555462038674, guid: 240f865433d03a8469d4f5a438765fd7, type: 3}
      propertyPath: m_LocalPosition.x
      value: -0.11999893
      objectReference: {fileID: 0}
    - target: {fileID: 3487607555462038674, guid: 240f865433d03a8469d4f5a438765fd7, type: 3}
      propertyPath: m_LocalPosition.y
      value: 0
      objectReference: {fileID: 0}
    - target: {fileID: 3487607555462038674, guid: 240f865433d03a8469d4f5a438765fd7, type: 3}
      propertyPath: m_LocalPosition.z
      value: -0.26000214
      objectReference: {fileID: 0}
    - target: {fileID: 3487607555462038674, guid: 240f865433d03a8469d4f5a438765fd7, type: 3}
      propertyPath: m_LocalRotation.w
      value: 1
      objectReference: {fileID: 0}
    - target: {fileID: 3487607555462038674, guid: 240f865433d03a8469d4f5a438765fd7, type: 3}
      propertyPath: m_LocalRotation.x
      value: -0
      objectReference: {fileID: 0}
    - target: {fileID: 3487607555462038674, guid: 240f865433d03a8469d4f5a438765fd7, type: 3}
      propertyPath: m_LocalRotation.y
      value: -0
      objectReference: {fileID: 0}
    - target: {fileID: 3487607555462038674, guid: 240f865433d03a8469d4f5a438765fd7, type: 3}
      propertyPath: m_LocalRotation.z
      value: -0
      objectReference: {fileID: 0}
    - target: {fileID: 3487607555462038674, guid: 240f865433d03a8469d4f5a438765fd7, type: 3}
      propertyPath: m_LocalEulerAnglesHint.x
      value: 0
      objectReference: {fileID: 0}
    - target: {fileID: 3487607555462038674, guid: 240f865433d03a8469d4f5a438765fd7, type: 3}
      propertyPath: m_LocalEulerAnglesHint.y
      value: 0
      objectReference: {fileID: 0}
    - target: {fileID: 3487607555462038674, guid: 240f865433d03a8469d4f5a438765fd7, type: 3}
      propertyPath: m_LocalEulerAnglesHint.z
      value: 0
      objectReference: {fileID: 0}
    m_RemovedComponents: []
  m_SourcePrefab: {fileID: 100100000, guid: 240f865433d03a8469d4f5a438765fd7, type: 3}
--- !u!1001 &9221051899041571809
PrefabInstance:
  m_ObjectHideFlags: 0
  serializedVersion: 2
  m_Modification:
    m_TransformParent: {fileID: 817245989894800645}
    m_Modifications:
    - target: {fileID: 3597924804190683186, guid: 2cf69e93d48308f46932177611b5fd2d, type: 3}
      propertyPath: m_RootOrder
      value: 6
      objectReference: {fileID: 0}
    - target: {fileID: 3597924804190683186, guid: 2cf69e93d48308f46932177611b5fd2d, type: 3}
      propertyPath: m_LocalPosition.x
      value: -12.800003
      objectReference: {fileID: 0}
    - target: {fileID: 3597924804190683186, guid: 2cf69e93d48308f46932177611b5fd2d, type: 3}
      propertyPath: m_LocalPosition.y
      value: 0
      objectReference: {fileID: 0}
    - target: {fileID: 3597924804190683186, guid: 2cf69e93d48308f46932177611b5fd2d, type: 3}
      propertyPath: m_LocalPosition.z
      value: -26.919998
      objectReference: {fileID: 0}
    - target: {fileID: 3597924804190683186, guid: 2cf69e93d48308f46932177611b5fd2d, type: 3}
      propertyPath: m_LocalRotation.w
      value: 1
      objectReference: {fileID: 0}
    - target: {fileID: 3597924804190683186, guid: 2cf69e93d48308f46932177611b5fd2d, type: 3}
      propertyPath: m_LocalRotation.x
      value: -0
      objectReference: {fileID: 0}
    - target: {fileID: 3597924804190683186, guid: 2cf69e93d48308f46932177611b5fd2d, type: 3}
      propertyPath: m_LocalRotation.y
      value: -0
      objectReference: {fileID: 0}
    - target: {fileID: 3597924804190683186, guid: 2cf69e93d48308f46932177611b5fd2d, type: 3}
      propertyPath: m_LocalRotation.z
      value: -0
      objectReference: {fileID: 0}
    - target: {fileID: 3597924804190683186, guid: 2cf69e93d48308f46932177611b5fd2d, type: 3}
      propertyPath: m_LocalEulerAnglesHint.x
      value: 0
      objectReference: {fileID: 0}
    - target: {fileID: 3597924804190683186, guid: 2cf69e93d48308f46932177611b5fd2d, type: 3}
      propertyPath: m_LocalEulerAnglesHint.y
      value: 0
      objectReference: {fileID: 0}
    - target: {fileID: 3597924804190683186, guid: 2cf69e93d48308f46932177611b5fd2d, type: 3}
      propertyPath: m_LocalEulerAnglesHint.z
      value: 0
      objectReference: {fileID: 0}
    - target: {fileID: 3597924804190896856, guid: 2cf69e93d48308f46932177611b5fd2d, type: 3}
      propertyPath: m_Name
      value: building_6 (1)
      objectReference: {fileID: 0}
    - target: {fileID: 3597924804190896856, guid: 2cf69e93d48308f46932177611b5fd2d, type: 3}
      propertyPath: m_StaticEditorFlags
      value: 0
      objectReference: {fileID: 0}
    m_RemovedComponents: []
  m_SourcePrefab: {fileID: 100100000, guid: 2cf69e93d48308f46932177611b5fd2d, type: 3}
--- !u!4 &5627709886495859667 stripped
Transform:
  m_CorrespondingSourceObject: {fileID: 3597924804190683186, guid: 2cf69e93d48308f46932177611b5fd2d, type: 3}
  m_PrefabInstance: {fileID: 9221051899041571809}
  m_PrefabAsset: {fileID: 0}
